<?xml version="1.0" encoding="UTF-8"?><collection xmlns="http://www.loc.gov/MARC21/slim"><record><leader>00406nam--2200169-u-4500</leader><controlfield tag="001">000055466</controlfield><controlfield tag="002">20161230</controlfield><controlfield tag="005">20161230201052</controlfield><controlfield tag="008">130212s1000------------r-----000-0-eng-d</controlfield><datafield ind1=" " ind2=" " tag="040"><subfield code="a">IFIN-HH</subfield></datafield><datafield ind1=" " ind2=" " tag="080"><subfield code="a">413.232=4=S</subfield></datafield><datafield ind1="1" ind2=" " tag="100"><subfield code="a">Pototkaia, V.V</subfield></datafield><datafield ind1="1" ind2="0" tag="245"><subfield code="a">Frantuzsko-russkii slovari</subfield><subfield code="c">V.v. pototkaia</subfield></datafield><datafield ind1=" " ind2=" " tag="260"><subfield code="a">Moskva</subfield><subfield code="c">1956</subfield></datafield><datafield ind1=" " ind2=" " tag="300"><subfield code="a">528P</subfield></datafield><datafield ind1=" " ind2=" " tag="852"><subfield code="a">D.129</subfield><subfield code="c">SLF</subfield></datafield><datafield ind1=" " ind2=" " tag="CAT"><subfield code="a">Sys</subfield><subfield code="c">20130212</subfield><subfield code="h">163428</subfield></datafield></record></collection>